@book{bayley1611,
    author = {Bayley, Lewis},
    title = {The Practice of Piety: Directing a Christian How to Walk, that He May Please God},
    year = {1769},
    edition = {53\textsuperscript{rd} corrected},
    publisher = {Daniel Midwinter},
    address = {Three Crowns, St Paul's Church Yard, London}
}
 
@book{kjv1769,
  title = {The Holy Bible, King James Version},
  year = {1769},
  editor = {Blayney, Benjamin},
  publisher={Oxford University},
  address = {Oxford}
}

@book{hall1606a,
    author = {Hall, Joseph},
    title = {Heaven Upon Earth: or Of True Peace and Tranquility of Mind},
    publisher = {London},
    address = {London},
    year = {1606}
}

@book{thrush2010,
    author = {Thrush, Andrew and Ferris, John P.},
    title = {The History of Parliament: the House of Commons 1604-1629},
    publisher = {Cambridge University Press},
    year = {2010}    
}

@book{brit1911,
    editor = {Chisholm, Hugh},
    title = {Encyclopaedia Britannica},
    publisher = {Cambridge University Press},
    year = {1911}
}

@book{cath1913,
    editor = {Herbermann, Charles},
    title = {The Catholic Encyclopedia},
    publisher = {The Encyclopedia Press, Inc.},
    year = {1913}
}

@book{lenf1714,
    author = {L'Enfant, J.},
    note = {L'Enfant was a Huguenot refugee in Berlin, d. 1728},
    title = {Hist. du Concile de Constance}, 
    address = {Amsterdam}, 
    year = {1714}
}

@book{webs1913,
    editor = {Porter, Noah},
    title = {Webster's Revised Unabridged Dictionary},
    publisher = {C. \& G. Merriam Co.},
    address = {Springfield, MA},
    year = {1913}
}